@inproceedings{van2014nature,
  title={Nature conservation drones for automatic localization and counting of animals},
  author={van Gemert, Jan C and Verschoor, Camiel R and Mettes, Pascal and Epema, Kitso and Koh, Lian Pin and Wich, Serge},
  booktitle={European Conference on Computer Vision},
  pages={255--270},
  year={2014},
  organization={Springer}
}

@techreport{chui2010internet,
  title={The internet of things},
  author={Chui, Michael and Loffler, Markus and Roberts, Roger},
  year={2010},
  institution={McKinsey Global Institute}
}



@inproceedings{xu2015animal,
  title={El primer dispositivo IoT de la historia fue una m√°quina de Coca-Cola},
  author={Chema Alonso},
  booktitle={https://www.elladodelmal.com/2018/05/el-primer-dispositivo-iot-de-la.html},
  pages={1},
  year={2018},
  organization={Elladodelmal}
}







